<record><leader>00000cas a22000007a 4500</leader><controlfield tag="001">23460747</controlfield><controlfield tag="008">910412d190619uuarudn ne      0    0eng d</controlfield><datafield ind1=" " ind2=" " tag="010"><subfield code="a">sn 91050023 </subfield></datafield><datafield ind1=" " ind2=" " tag="040"><subfield code="a">ANU</subfield><subfield code="b">eng</subfield><subfield code="c">ANU</subfield><subfield code="d">OCLCQ</subfield><subfield code="d">OCLCF</subfield><subfield code="d">OCLCO</subfield></datafield><datafield ind1="1" ind2=" " tag="029"><subfield code="a">AU@</subfield><subfield code="b">000025855419</subfield></datafield><datafield ind1=" " ind2=" " tag="042"><subfield code="a">msc</subfield></datafield><datafield ind1=" " ind2=" " tag="043"><subfield code="a">n-us-ar</subfield></datafield><datafield ind1="0" ind2="4" tag="245"><subfield code="a">The Citizens daily bulletin.</subfield></datafield><datafield ind1=" " ind2=" " tag="260"><subfield code="a">Hot Springs, Ark. :</subfield><subfield code="b">Bulletin Pub. Co.</subfield></datafield><datafield ind1=" " ind2=" " tag="300"><subfield code="a">v.</subfield></datafield><datafield ind1=" " ind2=" " tag="310"><subfield code="a">Daily (except Sunday)</subfield></datafield><datafield ind1="1" ind2=" " tag="362"><subfield code="a">Began Dec. 12, 1906.</subfield></datafield><datafield ind1=" " ind2=" " tag="588"><subfield code="a">Description based on: Vol. 1, no. 210 (Aug. 16, 1907).</subfield></datafield><datafield ind1=" " ind2="0" tag="651"><subfield code="a">Hot Springs (Ark.)</subfield><subfield code="v">Newspapers.</subfield></datafield><datafield ind1=" " ind2="7" tag="655"><subfield code="a">Newspapers.</subfield><subfield code="2">fast</subfield><subfield code="0">(OCoLC)fst01423814</subfield></datafield><datafield ind1=" " ind2="7" tag="651"><subfield code="a">Arkansas</subfield><subfield code="z">Hot Springs.</subfield><subfield code="2">fast</subfield><subfield code="0">(OCoLC)fst01218262</subfield></datafield><datafield ind1=" " ind2=" " tag="752"><subfield code="a">United States</subfield><subfield code="b">Arkansas</subfield><subfield code="c">Garland</subfield><subfield code="d">Hot Springs.</subfield></datafield><datafield ind1="0" ind2="0" tag="780"><subfield code="t">Citizens bulletin (Hot Springs, Ark.)</subfield><subfield code="w">(DLC)sn 91050022</subfield></datafield><datafield ind1="0" ind2="0" tag="785"><subfield code="t">Daily bulletin (Hot Springs, Ark.)</subfield><subfield code="w">(DLC)sn 89051263</subfield></datafield></record>